
@article{goterm,
  author          = {M. Ashburner, C. Ball, J. Blake},
  title           = {Gene Ontology: tool for the unification of biology},
  journal         = {Nature Genetics},
  volume          = {25},
  pages          = {25--29},
  year            = {2000},
  doi             = {https://doi.org/10.1038/75556}
}

@article{goatools,
  author          = {D.V. Klopfenstein, L. Zhang, B.S. Pedersen},
  title           = {GOATOOLS: A Python library for Gene Ontology analyses},
  journal         = {Scientific Reports},
  volume          = {8},
  number          = {10872},
  year            = {2018},
  doi             = {https://doi.org/10.1038/s41598-018-28948-z}
}

@article{kegg1,
  author          = {M. Kanehisa, S. Goto},
  title           = {EGG: Kyoto Encyclopedia of Genes and Genomes},
  journal         = {Nucleic Acids Research},
  volume          = {28},
  pages          = {27--30},
  year            = {2000},
  doi             = {https://doi.org/10.1093/nar/28.1.27}
}

@article{kegg2,
  author          = {M. Kanehisa},
  title           = {Toward understanding the origin and evolution of cellular organisms},
  journal         = {Protein Science},
  volume          = {28},
  pages          = {1947--1951},
  year            = {2019},
  doi             = {https://dx.doi.org/10.1002/pro.3715}
}


@article{pbmc3k,
  author          = {G. Zheng, J. Terry, P. Belgrader},
  title           = {Massively parallel digital transcriptional profiling of single cells},
  journal         = {Nature Communications},
  volume          = {8},
  number          = {14049},
  year            = {2017},
  doi             = {https://doi.org/10.1038/ncomms14049}
}


@article{seurat,
  author          = {A. Butler, P. Hoffman, P. Smibert},
  title           = {Integrating single-cell transcriptomic data across different conditions, technologies, and species},
  journal         = {Nature Biotechnology},
  volume          = {36},
  pages          = {411--420},
  year            = {2018},
  doi             = {https://doi.org/10.1038/nbt.4096}
}


@article{scanpy,
  author          = {F. Wolf, P. Angerer, F. Theis},
  title           = {SCANPY: large-scale single-cell gene expression data analysis.},
  journal         = {Genome Biology},
  volume          = {19},
  number          = {15},
  year            = {2018},
  doi             = {https://doi.org/10.1186/s13059-017-1382-0}
}

@article{nk-marker-1,
  author          = {A. Crinier, P. Milpied, B. Escali√®re},
  title           = {High-Dimensional Single-Cell Analysis Identifies Organ-Specific Signatures and Conserved NK Cell Subsets in Humans and Mice},
  journal         = {Immunity},
  volume          = {49},
  pages          = {971--986},
  year            = {2018},
  doi             = {https://dx.doi.org/10.1016/j.immuni.2018.09.009}
}

@article{nk-marker-2,
  author          = {S.S. Ng, F. De Labastida Rivera, J. Yan},
  title           = {The NK cell granule protein NKG7 regulates cytotoxic granule exocytosis and inflammation},
  journal         = {Nature Immunology},
  volume          = {21},
  pages           = {1205--1218},
  year            = {2020},
  doi             = {https://doi.org/10.1038/s41590-020-0758-6}
}

@article{nk-marker-3,
  author          = {G. Lo Bello, A. U. Akarca, M. R. Ambrosio},
  title           = {Granulysin, a novel marker for extranodal NK/T cell lymphoma, nasal type},
  journal         = {Virchows Archive},
  volume          = {473},
  pages          = {749--757},
  year            = {2018},
  doi             = {https://doi.org/10.1007/s00428-018-2434-x}
}

@article{entrez,
  author          = {D. Maglott, J. Ostell, K. D. Pruitt},
  title           = {Entrez Gene: gene-centered information at NCBI},
  journal         = {Nucleic Acids Research},
  volume          = {33},
  pages          = {D54--D58},
  year            = {2005},
  doi             = {https://doi.org/10.1093/nar/gki031}
}
